<?xml version="1.0" encoding="utf-8"?>
<record xmlns="http://www.loc.gov/MARC21/slim" xmlns:xsi="http://www.w3.org/2001/XMLSchema-instance" xsi:schemaLocation="http://www.loc.gov/MARC21/slim http://www.loc.gov/standards/marcxml/schema/MARC21slim.xsd">
	<leader>     nam a22     Mi 4500</leader>
	<controlfield tag="001">1854243</controlfield>
	<controlfield tag="003">NNC</controlfield>
	<controlfield tag="006">m        d        </controlfield>
	<controlfield tag="007">cr cn |||m|||a</controlfield>
	<controlfield tag="008">190509m19531954ua      o     000 0 arard</controlfield>
	<datafield ind1=" " ind2=" " tag="040">
		<subfield code="a">ZYU</subfield>
		<subfield code="b">ara</subfield>
		<subfield code="e">rda</subfield>
		<subfield code="c">ZYU</subfield>
	</datafield>
	<datafield ind1=" " ind2="4" tag="050">
		<subfield code="a">BP152</subfield>
		<subfield code="b">.S36</subfield>
	</datafield>
	<datafield ind1="1" ind2=" " tag="100">
		<subfield code="6">880-01</subfield>
		<subfield code="a">Sarakhsī, Muḥammad ibn Aḥmad,</subfield>
		<subfield code="d">active 11th century.</subfield>
	</datafield>
	<datafield ind1="1" ind2="0" tag="245">
		<subfield code="6">880-02</subfield>
		<subfield code="a">Uṣūl al-Sarakhsī /</subfield>
		<subfield code="c">lil-Imām Abī Bakr Muḥammad ibn Aḥmad bin Abī Sahl al-Sarakhsī ; ḥaqqaqa uṣūlahu Abū al-Wafāʼ al-Afghānī.</subfield>
	</datafield>
	<datafield ind1=" " ind2=" " tag="260">
		<subfield code="6">880-03</subfield>
		<subfield code="a">Ḥaydarābād al-Dakkan :</subfield>
		<subfield code="b">ʻuniyat bi-nashrih Lajnat Iḥyāʼ al-Maʻārif al-Nuʻmānīyah :</subfield>
		<subfield code="b">Cairo :</subfield>
		<subfield code="b">Maṭābiʻ Dār al-Kitāb al-ʻArabī,</subfield>
		<subfield code="c">1953-1954.</subfield>
	</datafield>
	<datafield ind1=" " ind2=" " tag="300">
		<subfield code="a">online resource (2 volumes.)</subfield>
	</datafield>
	<datafield ind1=" " ind2=" " tag="336">
		<subfield code="a">text</subfield>
		<subfield code="2">rdacontent</subfield>
	</datafield>
	<datafield ind1=" " ind2=" " tag="337">
		<subfield code="a">computer</subfield>
		<subfield code="2">rdamedia</subfield>
	</datafield>
	<datafield ind1=" " ind2=" " tag="338">
		<subfield code="a">online resource</subfield>
		<subfield code="2">rdacarrier</subfield>
	</datafield>
	<datafield ind1="1" ind2=" " tag="490">
		<subfield code="6">880-04</subfield>
		<subfield code="a">Lajnat Iḥyāʼ al-Maʻārif al-Nuʻmānīyah. Silsilat al-maṭbūʻāt ;</subfield>
		<subfield code="v">9</subfield>
	</datafield>
	<datafield ind1=" " ind2=" " tag="500">
		<subfield code="a">Part of the Arabic Collections Online (ACO) project, contributed by Columbia University Libraries.</subfield>
	</datafield>
	<datafield ind1=" " ind2=" " tag="533">
		<subfield code="a">Electronic reproduction.</subfield>
		<subfield code="b">New York, N.Y. :</subfield>
		<subfield code="c">New York University,</subfield>
		<subfield code="d">2019.</subfield>
		<subfield code="5">NNU</subfield>
	</datafield>
	<datafield ind1=" " ind2="0" tag="650">
		<subfield code="a">Islamic law.</subfield>
	</datafield>
	<datafield ind1=" " ind2="0" tag="650">
		<subfield code="a">Hanafites.</subfield>
	</datafield>
	<datafield ind1=" " ind2="7" tag="650">
		<subfield code="a">Hanafites.</subfield>
		<subfield code="2">fast</subfield>
		<subfield code="0">(OCoLC)fst00950818</subfield>
	</datafield>
	<datafield ind1=" " ind2="7" tag="650">
		<subfield code="a">Islamic law.</subfield>
		<subfield code="2">fast</subfield>
		<subfield code="0">(OCoLC)fst00979949</subfield>
	</datafield>
	<datafield ind1="0" ind2=" " tag="700">
		<subfield code="6">880-05</subfield>
		<subfield code="a">Abū al-Wafāʼ al-Afghānī.</subfield>
	</datafield>
	<datafield ind1="2" ind2=" " tag="710">
		<subfield code="a">Columbia University.</subfield>
		<subfield code="b">Libraries.</subfield>
	</datafield>
	<datafield ind1="0" ind2=" " tag="730">
		<subfield code="a">Arabic Collections Online.</subfield>
	</datafield>
	<datafield ind1="0" ind2="8" tag="776">
		<subfield code="i">Online version:</subfield>
		<subfield code="a">Sarakhsī, Muḥammad ibn Aḥmad, 11th cent.</subfield>
		<subfield code="t">Uṣūl al-Sarakhsī.</subfield>
		<subfield code="d">Ḥaydarābād al-Dakkan : ʻuniyat bi-nashrih Lajnat Iḥyāʼ al-Maʻārif al-Nuʻmānīyah ; Cairo : Maṭābiʻ Dār al-Kitāb al-ʻArabī, 1953-1954</subfield>
		<subfield code="w">(OCoLC)696038201</subfield>
	</datafield>
	<datafield ind1="0" ind2="8" tag="776">
		<subfield code="i">Print version:</subfield>
		<subfield code="a">Sarakhsī, Muḥammad ibn Aḥmad, active 11th century.</subfield>
		<subfield code="t">Uṣūl al-Sarakhsī</subfield>
		<subfield code="w">(NNC)1854243</subfield>
		<subfield code="w">(OCoLC)18103789</subfield>
	</datafield>
	<datafield ind1=" " ind2="0" tag="830">
		<subfield code="6">880-06</subfield>
		<subfield code="a">Silsilat al-Maṭbūʻāt (Lajnat Iḥyāʼ al-Maʻārif al-Nuʻmānīyah)</subfield>
	</datafield>
	<datafield ind1="4" ind2="0" tag="856">
		<subfield code="u">http://hdl.handle.net/2333.1/pnvx0tp3</subfield>
	</datafield>
	<datafield ind1="1" ind2=" " tag="880">
		<subfield code="6">100-01</subfield>
		<subfield code="a">سرخسي، محمد بن احمد،</subfield>
		<subfield code="d">active 11th century.</subfield>
	</datafield>
	<datafield ind1="1" ind2="0" tag="880">
		<subfield code="6">245-02</subfield>
		<subfield code="a">أصول السرخسي /</subfield>
		<subfield code="c">لأبي بكر محمد بن أحمد بن أبي سهل السرخسي ؛ حقق أصوله أبو الوفا الأفغاني.</subfield>
	</datafield>
	<datafield ind1=" " ind2=" " tag="880">
		<subfield code="6">260-03</subfield>
		<subfield code="a">حيدراباد الدكن :</subfield>
		<subfield code="b">عنيت بنشره لجنة احياء المعارف النعمانية :</subfield>
		<subfield code="b">القاهرة :</subfield>
		<subfield code="b">مطابع دار الكتاب العربي،</subfield>
		<subfield code="c">1953-1954.</subfield>
	</datafield>
	<datafield ind1="1" ind2=" " tag="880">
		<subfield code="6">490-04</subfield>
		<subfield code="a">لجنة احياء المعارف النعمانية. سلسلة المطبوعات ؛</subfield>
		<subfield code="v">9</subfield>
	</datafield>
	<datafield ind1="0" ind2=" " tag="880">
		<subfield code="6">700-05</subfield>
		<subfield code="a">أبو الوفاء الفغاني.</subfield>
	</datafield>
	<datafield ind1=" " ind2="0" tag="880">
		<subfield code="6">830-06</subfield>
		<subfield code="a">سلسلة المطبوعات (لجنة احياء المعارف النعمانية) </subfield>
	</datafield>
	<datafield ind1=" " ind2=" " tag="959">
		<subfield code="a">NNU</subfield>
		<subfield code="b">WEB</subfield>
		<subfield code="c">GENI</subfield>
		<subfield code="t">0</subfield>
		<subfield code="m">Electronic access</subfield>
		<subfield code="s">01</subfield>
	</datafield>
	<datafield ind1=" " ind2=" " tag="999">
		<subfield code="i">NNC_1854243</subfield>
		<subfield code="o">(OCoLC)ocm18103789</subfield>
		<subfield code="s">columbia_aco003973:v.1</subfield>
		<subfield code="e">(ERROR-880)</subfield>
		<subfield code="s">columbia_aco003973:v.1</subfield>
	</datafield>
</record>
